<record><leader>00000cas a22000007a 4500</leader><controlfield tag="001">27417240</controlfield><controlfield tag="008">930211d18911892mousr ne      0    0eng d</controlfield><datafield ind1=" " ind2=" " tag="010"><subfield code="a">sn 93060141 </subfield></datafield><datafield ind1=" " ind2=" " tag="040"><subfield code="a">MQN</subfield><subfield code="b">eng</subfield><subfield code="c">MQN</subfield><subfield code="d">OCLCQ</subfield></datafield><datafield ind1=" " ind2=" " tag="042"><subfield code="a">msc</subfield></datafield><datafield ind1="0" ind2=" " tag="130"><subfield code="a">Star (Boonville, Mo. : 1891)</subfield></datafield><datafield ind1="1" ind2="4" tag="245"><subfield code="a">The star.</subfield></datafield><datafield ind1=" " ind2=" " tag="260"><subfield code="a">Boonville, Mo. :</subfield><subfield code="b">Birt W. Plant,</subfield><subfield code="c">1891-1892.</subfield></datafield><datafield ind1=" " ind2=" " tag="300"><subfield code="a">v.</subfield></datafield><datafield ind1=" " ind2=" " tag="310"><subfield code="a">Semiweekly</subfield></datafield><datafield ind1="0" ind2=" " tag="362"><subfield code="a">Vol. 5, no. 41 (Apr. 16, 1891)-v. 6, no. 61 (June 22, 1892).</subfield></datafield><datafield ind1=" " ind2=" " tag="515"><subfield code="a">Old ser., v. 6, no. 58 (June 11, 1892)-old ser., v. 6, no. 61 (June 22, 1892) = New ser., v. 1, no. 1 (June 11, 1892)-new ser., v. 1, no. 4 (June 22, 1892).</subfield></datafield><datafield ind1=" " ind2="0" tag="650"><subfield code="a">Boonville (Mo.)</subfield><subfield code="v">Newspapers.</subfield></datafield><datafield ind1=" " ind2=" " tag="752"><subfield code="a">United States</subfield><subfield code="b">Missouri</subfield><subfield code="c">Cooper</subfield><subfield code="d">Boonville.</subfield></datafield><datafield ind1="0" ind2="0" tag="780"><subfield code="t">Semi-weekly star (Boonville, Mo. : 1889)</subfield><subfield code="w">(DLC)sn 93060146</subfield></datafield><datafield ind1="0" ind2="0" tag="785"><subfield code="t">Semi-weekly star (Boonville, Mo. : 1892)</subfield><subfield code="w">(DLC)sn 89066471</subfield></datafield></record>